% This file was created with JabRef 2.9.2.
% Encoding: Cp1252

@incollection{Korhonen2009,
year={2009},
isbn={978-3-642-01852-7},
booktitle={Agile Processes in Software Engineering and Extreme Programming},
volume={31},
series={Lecture Notes in Business Information Processing},
editor={Abrahamsson, Pekka and Marchesi, Michele and Maurer, Frank},
doi={10.1007/978-3-642-01853-4_10},
title={Migrating Defect Management from Waterfall to Agile Software Development in a Large-Scale Multi-site Organization: A Case Study},
url={http://dx.doi.org/10.1007/978-3-642-01853-4_10},
publisher={Springer Berlin Heidelberg},
keywords={defect management; agile adoption; distributed development},
author={Korhonen, Kirsi},
pages={73-82}
}


@INPROCEEDINGS{1667571, 
author={Hartmann, D. and Dymond, R.}, 
booktitle={Agile Conference, 2006}, 
title={Appropriate agile measurement: using metrics and diagnostics to deliver business value}, 
year={2006}, 
pages={6 pp.-134}, 
keywords={software development management;software metrics;team working;agile measurement;agile metrics;agile software development;agile teamwork;business value;Aggregates;Monitoring;Navigation;Programming;Shape measurement;Software development management;Software measurement;Teamwork;Testing}, 
doi={10.1109/AGILE.2006.17},
}

@INPROCEEDINGS{1579312, 
author={Patel, C. and Lycett, M. and Macredie, R. and de Cesare, S.}, 
booktitle={System Sciences, 2006. HICSS '06. Proceedings of the 39th Annual Hawaii International Conference on}, 
title={Perceptions of Agility and Collaboration in Software Development Practice}, 
year={2006}, 
volume={1}, 
pages={10c-10c}, 
keywords={Collaborative software;Collaborative tools;Collaborative work;Contracts;Documentation;Engineering management;Programming;Software development management;Software engineering;Software tools}, 
doi={10.1109/HICSS.2006.378}, 
ISSN={1530-1605},
}

@book{anderson2010kanban,
  title={Kanban},
  author={Anderson, D.J.},
  isbn={9780984521401},
  url={http://books.google.fi/books?id=RJ0VUkfUWZkC},
  year={2010},
  publisher={Blue Hole Press}
}

@book{beck2004extreme,
  title={Extreme programming explained: embrace change},
  author={Beck, Kent and Andres, Cynthia},
  year={2004},
  publisher={Addison-Wesley Professional}
},

@book{schwaber2002agile,
  title={Agile software development with Scrum},
  author={Schwaber, Ken and Beedle, Mike},
  volume={1},
  year={2002},
  publisher={Prentice Hall Upper Saddle River }
},

@misc{beck2001agile,
  added-at = {2007-12-30T11:39:05.000+0100},
  author = {Beck, Kent and Beedle, Mike and van Bennekum, Arie and Cockburn, Alistair and Cunningham, Ward and Fowler, Martin and Grenning, James and Highsmith, Jim and Hunt, Andrew and Jeffries, Ron and Kern, Jon and Marick, Brian and Martin, Robert C. and Mellor, Steve and Schwaber, Ken and Sutherland, Jeff and Thomas, Dave},
  biburl = {http://www.bibsonomy.org/bibtex/28954248a545d88dd2c0e688d1c7e2f9d/juve},
  booktitle = {Manifesto for Agile Software Development},
  description = {Manifesto for Agile Software Development},
  interhash = {098cc7e185f10c3da390459a01e0d535},
  intrahash = {8954248a545d88dd2c0e688d1c7e2f9d},
  keywords = {imported},
  timestamp = {2007-12-30T11:39:05.000+0100},
  title = {Manifesto for Agile Software Development},
  url = {http://www.agilemanifesto.org/}
  },

@article{purao2003product,
  title={Product metrics for object-oriented systems},
  author={Purao, Sandeep and Vaishnavi, Vijay},
  journal={ACM Computing Surveys (CSUR)},
  volume={35},
  number={2},
  pages={191--221},
  year={2003},
  publisher={ACM}
},

@article{catal2009systematic,
  title={A systematic review of software fault prediction studies},
  author={Catal, Cagatay and Diri, Banu},
  journal={Expert Systems with Applications},
  volume={36},
  number={4},
  pages={7346--7354},
  year={2009},
  publisher={Elsevier}
},

@book{fenton1998software,
  title={Software metrics: a rigorous and practical approach},
  author={Fenton, Norman E and Pfleeger, Shari Lawrence},
  year={1998},
  publisher={PWS Publishing Co.}
},

@article{kitchenham_whats_2010,
	title = {What's up with software metrics? - A preliminary mapping study},
	volume = {83},
	issn = {0164-1212},
	shorttitle = {What’s up with software metrics?},
	url = {http://www.sciencedirect.com/science/article/pii/S0164121209001599},
	doi = {10.1016/j.jss.2009.06.041},
	number = {1},
	urldate = {2013-09-27},
	journal = {Journal of Systems and Software},
	author = {Kitchenham, Barbara},
	month = jan,
	year = {2010},
	keywords = {Empirical evaluation problems, Influential papers, Literature survey, Mapping study, Secondary study, software metrics},
	pages = {37--51},
},

@article{kitchenham2013systematic,
  title={A systematic review of systematic review process research in software engineering},
  author={Kitchenham, Barbara and Brereton, Pearl},
  journal={Information and Software Technology},
  volume={55},
  number={12},
  pages={2049--2075},
  year={2013},
  publisher={Elsevier}
},

@article{brereton2007lessons,
  title={Lessons from applying the systematic literature review process within the software engineering domain},
  author={Brereton, Pearl and Kitchenham, Barbara A and Budgen, David and Turner, Mark and Khalil, Mohamed},
  journal={Journal of systems and software},
  volume={80},
  number={4},
  pages={571--583},
  year={2007},
  publisher={Elsevier}
},

@article{webster2002analyzing,
  title={ANALYZING THE PAST TO PREPARE FOR THE FUTURE: WRITING A},
  author={Webster, Jane and Watson, Richard T},
  journal={MIS quarterly},
  volume={26},
  number={2},
  year={2002}
},

@article{kitchenham2004procedures,
  title={Procedures for performing systematic reviews},
  author={Kitchenham, Barbara},
  journal={Keele, UK, Keele University},
  volume={33},
  pages={2004},
  year={2004}
},

@article{dyba_empirical_2008,
	title = {Empirical studies of agile software development: A systematic review},
	volume = {50},
	issn = {0950-5849},
	shorttitle = {Empirical studies of agile software development},
	url = {http://www.sciencedirect.com/science/article/pii/S0950584908000256},
	doi = {10.1016/j.infsof.2008.01.006},
	number = {9–10},
	urldate = {2013-09-30},
	journal = {Information and Software Technology},
	author = {Dybå, Tore and Dingsøyr, Torgeir},
	month = aug,
	year = {2008},
	pages = {833--859},
	},

@INPROCEEDINGS{6092576, 
author={Cruzes, D.S. and Dyba, Tore}, 
booktitle={Empirical Software Engineering and Measurement (ESEM), 2011 International Symposium on}, 
title={Recommended Steps for Thematic Synthesis in Software Engineering}, 
year={2011}, 
pages={275-284}, 
keywords={research and development;software engineering;qualitative research;software engineering;systematic reviews;thematic synthesis;Context;Data mining;Encoding;Organizations;Software;Software engineering;Systematics;evidence-based and empirical software engineering;research synthesis;secondary research;systematic review}, 
doi={10.1109/ESEM.2011.36}, 
ISSN={1938-6451},},

@book{seber2002estimation,
  title={The Estimation of Animal Abundance and Related Parameters},
  author={Seber, G.A.F.},
  isbn={9781930665552},
  lccn={2002104612},
  url={http://books.google.fi/books?id=bnGaPQAACAAJ},
  year={2002},
  publisher={Blackburn Press}
},


@article{landis_measurement_1977,
	title = {The measurement of observer agreement for categorical data},
	volume = {33},
	issn = {{0006341X} ({ISSN)}},
	url = {http://www.scopus.com/inward/record.url?eid=2-s2.0-0017360990&partnerID=40&md5=69af451a23d810ce6ac71606ad0cbfc9},
	number = {1},
	journal = {Biometrics},
	author = {Landis, {J.R.} and Koch, {G.G.}},
	year = {1977},
	keywords = {Human, Multiple Sclerosis, multivariate analysis, observer, statistics, Support, {U.S.} Gov't, Non-{P.H.S.}, Support, {U.S.} Gov't, {P.H.S.}},
	pages = {159--174},
	file = {p1047.pdf:C:\Users\ekupiain\Desktop\Dropbox\UQasar\Agile Metric SLR\Eetu\Articles\storage\DZ4MTSC2\p1047.pdf:application/pdf}
},

@CONFERENCE{Abbas201077,
  author = {Abbas, N. and Gravell, A.M. and Wills, G.B.},
  title = {The impact of organization, project and governance variables on software
	quality and project success},
  booktitle = {Proceedings - 2010 Agile Conference, AGILE 2010},
  year = {2010},
  pages = {77-86},
  address = {Orlando, FL},
  __markedentry = {[ekupiain:]},
  abbrev_source_title = {Proc. - Agile Conf., AGILE},
  affiliation = {University of Southampton, School of Electronics and Computer Science,
	Southampton SO17 1BJ, United Kingdom},
  art_number = {5562804},
  author_keywords = {Agile projects governance; Correlations; Empirical research; Project
	success; Retrospective; Software quality; Survey},
  correspondence_address1 = {Abbas, N.; University of Southampton, School of Electronics and Computer
	Science, Southampton SO17 1BJ, United Kingdom; email: n.abbas@ecs.soton.ac.uk},
  document_type = {Conference Paper},
  doi = {10.1109/AGILE.2010.16},
  file = {:C\:\\Users\\ekupiain\\Desktop\\Dropbox\\UQasar\\Agile Metric SLR\\Eetu\\Articles\\storage\\8KEUTQWJ\\Abbas et al. - 2010 - The Impact of Organization, Project and Governance.pdf:PDF},
  isbn = {9780769541259},
  language = {English},
  owner = {ekupiain},
  source = {Scopus},
  sponsors = {Rally Software; VersionOne; ATSC; qaSignature; Fabasoft},
  stage2status = {Include},
  stage3status = {Include},
  timestamp = {2014.01.13},
  url = {http://www.scopus.com/inward/record.url?eid=2-s2.0-77957976502&partnerID=40&md5=0f4bb84712afffb26c21012776be6a01}
}

@CONFERENCE{Anderson2005193,
  author = {Anderson, D.J.},
  title = {Stretching agile to fit CMMI level 3: - The story of creating MSF
	for CMMIÂ® process improvement at Microsoft Corporation},
  booktitle = {Proceedings - AGILE Confernce 2005},
  year = {2005},
  volume = {2005},
  pages = {193-201},
  address = {Denver, CO},
  __markedentry = {[ekupiain:]},
  abbrev_source_title = {Proc. AGILE Conf.},
  affiliation = {Microsoft Corporation, United States},
  art_number = {1609821},
  correspondence_address1 = {Anderson, D.J.; Microsoft CorporationUnited States; email: david.anderson@microsoft.com},
  document_type = {Conference Paper},
  doi = {10.1109/ADC.2005.42},
  isbn = {0769524877; 9780769524870},
  language = {English},
  owner = {ekupiain},
  source = {Scopus},
  stage2status = {Include},
  stage3status = {Include},
  timestamp = {2013.11.18},
  url = {http://www.scopus.com/inward/record.url?eid=2-s2.0-33847753542&partnerID=40&md5=1db4d80473cdb46e15d1cc8a700cbb89}
}

@CONFERENCE{Cataldo2011161,
  author = {Cataldo, M. and Herbsleb, J.D.},
  title = {Factors leading to integration failures in global feature-oriented
	development: An empirical analysis},
  booktitle = {Proceedings - International Conference on Software Engineering},
  year = {2011},
  pages = {161-170},
  address = {Waikiki, Honolulu, HI},
  __markedentry = {[ekupiain:]},
  abbrev_source_title = {Proc Int Conf Software Eng},
  affiliation = {Institute for Software Research, Carnegie Mellon University, Pittsburgh,
	PA 15213, United States},
  author_keywords = {cross-feature interaction; feature-oriented development; global software
	development},
  coden = {PCSED},
  correspondence_address1 = {Cataldo, M.; Institute for Software Research, Carnegie Mellon University,
	Pittsburgh, PA 15213, United States; email: mcataldo@cs.cmu.edu},
  document_type = {Conference Paper},
  doi = {10.1145/1985793.1985816},
  isbn = {9781450304450},
  issn = {02705257},
  language = {English},
  owner = {ekupiain},
  source = {Scopus},
  sponsors = {Assoc. Comput. Mach., Spec. Interest Group Softw.; Eng. (ACM SIGSOFT);
	IEEE Computer Society; Technical Council on Software Engineering
	(TCSE)},
  stage2status = {Include},
  stage3status = {Include},
  timestamp = {2014.01.13},
  url = {http://www.scopus.com/inward/record.url?eid=2-s2.0-79959859896&partnerID=40&md5=d103413dbddf35f7c2de4e7a004b0748}
}

@CONFERENCE{Cheng200929,
  author = {Cheng, T.-H.a and Jansen, S.a and Remmers, M.b},
  title = {Controlling and monitoring agile software development in three dutch
	product software companies},
  booktitle = {Proceedings of the 2009 ICSE Workshop on Software Development Governance,
	SDG 2009},
  year = {2009},
  pages = {29-35},
  address = {Vancouver, BC},
  __markedentry = {[ekupiain:]},
  abbrev_source_title = {Proc. ICSE Workshop Softw. Dev. Governance, SDG},
  affiliation = {Utrecht University, Information and Computer Sciences, Padualaan 14,
	3584 CH Utrecht, Netherlands; Business Base, Kobaltweg 48, 3542 CE
	Utrecht, Netherlands},
  art_number = {5071334},
  correspondence_address1 = {Cheng, T.-H.; Utrecht University, Information and Computer Sciences,
	Padualaan 14, 3584 CH Utrecht, Netherlands; email: Tcheng@cs.uu.nl},
  document_type = {Conference Paper},
  doi = {10.1109/SDG.2009.5071334},
  file = {:C\:\\Users\\ekupiain\\Desktop\\Dropbox\\UQasar\\Agile Metric SLR\\Eetu\\Articles\\storage\\9ZRFRADT\\Cheng et al. - 2009 - Controlling and monitoring agile software developm.pdf:PDF},
  isbn = {9781424437368},
  language = {English},
  owner = {ekupiain},
  source = {Scopus},
  sponsors = {Association for Computing Machinery, ACM; IEEE; IEEE Computer Society;
	SIGSOFT},
  stage2status = {Include},
  stage3status = {Include},
  timestamp = {2014.01.13},
  url = {http://www.scopus.com/inward/record.url?eid=2-s2.0-70349823923&partnerID=40&md5=ee1422c55d41da0fb02e84c7a34c36a3}
}

@ARTICLE{Christensen2010118,
  author = {Christensen, H.B.a and Hansen, K.M.b and LindstrÃƒÂ¸m, B.c },
  title = {Lightweight and continuous architectural software quality assurance
	using the aSQA technique},
  year = {2010},
  volume = {6285 LNCS},
  pages = {118-132},
  abbrev_source_title = {Lect. Notes Comput. Sci.},
  address = {Copenhagen},
  affiliation = {Department of Computer Science, Aarhus University, Aarhus, Denmark;
	Department of Computer Science, University of Iceland, ReykjavÃƒÂ­k,
	Iceland; Systematic A/S, Aarhus, Denmark},
  journal = {Lecture Notes in Computer Science (including subseries Lecture Notes
	in Artificial Intelligence and Lecture Notes in Bioinformatics)},
  correspondence_address1 = {Christensen, H. B.; Department of Computer Science, Aarhus University,
	Aarhus, Denmark; email: hbc@cs.au.dk},
  document_type = {Conference Paper},
  doi = {10.1007/978-3-642-15114-9_11},
  isbn = {3642151132; 9783642151132},
  issn = {03029743},
  language = {English},
  owner = {ekupiain},
  source = {Scopus},
  stage2status = {Include},
  stage3status = {Include},
  timestamp = {2014.01.13},
  url = {http://www.scopus.com/inward/record.url?eid=2-s2.0-78049327920&partnerID=40&md5=35ec52b12ceec73a782155a3f39b01e7}
}

@CONFERENCE{Dubinsky200512,
  author = {Dubinsky, Y.a and Talby, D.b and Hazzan, O.c and Keren, A.b},
  title = {Agile metrics at the Israeli Air Force},
  booktitle = {Proceedings - AGILE Confernce 2005},
  year = {2005},
  volume = {2005},
  pages = {12-19},
  address = {Denver, CO},
  abbrev_source_title = {Proc. AGILE Conf.},
  affiliation = {Department of Computer Science, Technion, Israel Institute of Technology,
	Israel; MAMDAS - Software Development Unit, Air Force, IDF, Israel;
	Department of Education in Technology and Science, Technion - Israel
	Institute of Technology, Israel},
  art_number = {1609800},
  correspondence_address1 = {Dubinsky, Y.; Department of Computer Science, Technion - Israel Institute
	of TechnologyIsrael; email: yael@cs.technion.ac.il},
  document_type = {Conference Paper},
  doi = {10.1109/ADC.2005.8},
  isbn = {0769524877; 9780769524870},
  language = {English},
  owner = {ekupiain},
  source = {Scopus},
  stage2status = {Include},
  stage3status = {Include},
  timestamp = {2013.11.18},
  url = {http://www.scopus.com/inward/record.url?eid=2-s2.0-33847734039&partnerID=40&md5=c6fa5baf136ae1092b784353451f3ebc}
}

@CONFERENCE{Elssamadisy2002617,
  author = {Elssamadisy, A. and Schalliol, G.},
  title = {Recognizing and responding to "bad smells" in extreme programming},
  booktitle = {Proceedings - International Conference on Software Engineering},
  year = {2002},
  pages = {617-622},
  address = {Orlando, FL},
  abbrev_source_title = {Proc Int Conf Software Eng},
  affiliation = {ThoughtWorks, Inc., 651 West Washington Blvd., Ste 500, Chicago, IL
	60661, United States},
  coden = {PCSED},
  correspondence_address1 = {Elssamadisy, A.; ThoughtWorks, Inc., 651 West Washington Blvd., Ste
	500, Chicago, IL 60661, United States; email: Amr.Elssamadisy@thoughtworks.com},
  document_type = {Conference Paper},
  issn = {02705257},
  language = {English},
  owner = {ekupiain},
  source = {Scopus},
  sponsors = {ACM; ACM SIGSOFT; IEEE Computer Society; IEEE Computer Society Technical
	Council of Software Engineering},
  stage2status = {Include},
  stage3status = {Include},
  timestamp = {2014.01.13},
  url = {http://www.scopus.com/inward/record.url?eid=2-s2.0-0036039192&partnerID=40&md5=800b5482bb184f413584c4bcc8c45fca}
}

@ARTICLE{Fitzgerald2006200,
  author = {Fitzgerald, B.a d e and Hartnett, G.b f and Conboy, K.c g h i },
  title = {Customising agile methods to software practices at Intel Shannon},
  year = {2006},
  volume = {15},
  pages = {200-213},
  number = {2},
  __markedentry = {[ekupiain:]},
  abbrev_source_title = {Eur. J. Inf. Syst.},
  affiliation = {University of Limerick, Castletroy, Limerick, Ireland; Intel Communications
	Europe, Shannon Industrial Estate, Shannon, Co.Clare, Ireland; Department
	of Accountancy and Finance, NUI Galway, Galway, Ireland; University
	of Limerick, Ireland; Frederick A Krehbiel II Department of Innovation
	Global Business and Technology, University of Limerick, Ireland;
	Intel's R and D Facility, Shannon, Ireland; NUI, Galway, Ireland;
	Chartered Institute of Management Accountants; University of Limerick,
	Ireland},
  author_keywords = {Agile methods; Intel; Method engineering; Method tailoring; Scrum;
	Software development; XP},
  journal = {European Journal of Information Systems},
  correspondence_address1 = {Fitzgerald, B.; University of LimerickIreland; email: bf@ul.ie},
  document_type = {Article},
  doi = {10.1057/palgrave.ejis.3000605},
  file = {:C\:\\Users\\ekupiain\\Desktop\\Dropbox\\UQasar\\Agile Metric SLR\\Eetu\\Articles\\storage\\Z2A7U4KS\\Fitzgerald et al. - 2006 - Customising agile methods to software practices at.pdf:PDF},
  issn = {0960085X},
  language = {English},
  owner = {ekupiain},
  source = {Scopus},
  stage2status = {Include},
  stage3status = {Include},
  timestamp = {2014.01.13},
  url = {http://www.scopus.com/inward/record.url?eid=2-s2.0-33745794661&partnerID=40&md5=217cdde6a358d024afdd831891006bce}
}

@CONFERENCE{Green2011,
  author = {Green, P.},
  title = {Measuring the impact of scrum on product development at adobe systems},
  booktitle = {Proceedings of the Annual Hawaii International Conference on System
	Sciences},
  year = {2011},
  address = {Koloa, Kauai, HI},
  abbrev_source_title = {Proc. Annu. Hawaii Int. Conf. Syst. Sci.},
  affiliation = {Adobe Systems, United States},
  art_number = {5718992},
  correspondence_address1 = {Green, P.; Adobe SystemsUnited States; email: peterg@adobe.com},
  document_type = {Conference Paper},
  doi = {10.1109/HICSS.2011.306},
  isbn = {9780769542829},
  issn = {15301605},
  language = {English},
  owner = {ekupiain},
  source = {Scopus},
  sponsors = {University of Hawai'i at Manoa, Shidler College of Business},
  stage2status = {Include},
  stage3status = {Include},
  timestamp = {2013.11.18},
  url = {http://www.scopus.com/inward/record.url?eid=2-s2.0-79952975124&partnerID=40&md5=bd26486534f52c4330653e256f13765e}
}

@CONFERENCE{Greening2010,
  author = {Greening, D.R.},
  title = {Enterprise scrum: Scaling scrum to the executive level},
  booktitle = {Proceedings of the Annual Hawaii International Conference on System
	Sciences},
  year = {2010},
  address = {Koloa, Kauai, HI},
  abbrev_source_title = {Proc. Annu. Hawaii Int. Conf. Syst. Sci.},
  affiliation = {Citrix Online, United States},
  art_number = {5428541},
  correspondence_address1 = {Greening, D. R.; Citrix OnlineUnited States; email: dan@greening.org},
  document_type = {Conference Paper},
  doi = {10.1109/HICSS.2010.186},
  isbn = {9780769538693},
  issn = {15301605},
  language = {English},
  owner = {ekupiain},
  source = {Scopus},
  sponsors = {Shidler College of Business; University of Hawai'i},
  stage2status = {Include},
  stage3status = {Include},
  timestamp = {2013.11.18},
  url = {http://www.scopus.com/inward/record.url?eid=2-s2.0-77951759606&partnerID=40&md5=b3f5353a115c0231a1778d8e8b5802ad}
}

@CONFERENCE{Haugen200623,
  author = {Haugen, N.C.},
  title = {An empirical study of using planning poker for user story estimation},
  booktitle = {Proceedings - AGILE Conference, 2006},
  year = {2006},
  volume = {2006},
  pages = {23-31},
  address = {Minneapolis, MN},
  abbrev_source_title = {Proc. AGILE Conf.},
  affiliation = {Objectnet As, RuselÃƒÂ¸kkveien 14, 0251 Oslo, Norway},
  art_number = {1667560},
  articletype = {Conference paper},
  correspondence_address1 = {Haugen, N.C.; Objectnet As, RuselÃƒÂ¸kkveien 14, 0251 Oslo, Norway;
	email: nch@objectnet.no},
  document_type = {Conference Paper},
  doi = {10.1109/AGILE.2006.16},
  file = {:C\:\\Users\\ekupiain\\Desktop\\Dropbox\\UQasar\\Agile Metric SLR\\Eetu\\Articles\\storage\\K5V9IEVQ\\Haugen - 2006 - An empirical study of using planning poker for use.pdf:PDF},
  isbn = {0769525628; 9780769525624},
  language = {English},
  owner = {ekupiain},
  source = {Scopus},
  stage2status = {Include},
  stage3status = {Include},
  timestamp = {2014.01.13},
  url = {http://www.scopus.com/inward/record.url?eid=2-s2.0-34247603633&partnerID=40&md5=10cdb2d1f8080233fe0d603ef1cd9d0b}
}

@CONFERENCE{Hodgetts2004106,
  author = {Hodgetts, P.},
  title = {Refactoring the development process: Experiences with the incremental
	adoption of agile practices},
  booktitle = {Proceedings of the Agile Development Conference, ADC 2004},
  year = {2004},
  pages = {106-113},
  address = {Salt Lake City, UT},
  abbrev_source_title = {Proc. Agile Dev. Conf. ADC},
  affiliation = {Agile Logic, Inc.},
  correspondence_address1 = {Agile Logic, Inc.email: phodgetts@agilelogic.com},
  document_type = {Conference Paper},
  doi = {10.1109/ADEVC.2004.17},
  isbn = {0769522483; 9780769522487},
  language = {English},
  owner = {ekupiain},
  source = {Scopus},
  sponsors = {ThoughtWorks, UK; Software Development Magazine; ACM SIGSOFT; IEEE
	Computer Society},
  stage2status = {Include},
  stage3status = {Include},
  timestamp = {2013.11.18},
  url = {http://www.scopus.com/inward/record.url?eid=2-s2.0-15944377694&partnerID=40&md5=66e6e702b6eb2a1c82715526f1a22f33}
}

@CONFERENCE{Hodgkins2007194,
  author = {Hodgkins, P.a and Hohmann, L.b },
  title = {Agile program management: Lessons learned from the VeriSign managed
	security services team},
  booktitle = {Proceedings - AGILE 2007},
  year = {2007},
  pages = {194-199},
  address = {Washington, DC},
  abbrev_source_title = {Proc. - AGILE},
  affiliation = {VeriSign, Inc.; Enthiosys, Inc.},
  art_number = {4293595},
  correspondence_address1 = {Hodgkins, P.; VeriSign, Inc.email: phodgkins@verisign.com},
  document_type = {Conference Paper},
  doi = {10.1109/AGILE.2007.11},
  isbn = {0769528724; 9780769528724},
  language = {English},
  owner = {ekupiain},
  source = {Scopus},
  stage2status = {Include},
  stage3status = {Include},
  timestamp = {2014.01.13},
  url = {http://www.scopus.com/inward/record.url?eid=2-s2.0-46449114133&partnerID=40&md5=6313911bd0067f25ef9f2b0e98b5185c}
}

@CONFERENCE{Hong2010310,
  author = {Hong, N.a and Yoo, J.b and Cha, S.c},
  title = {Customization of Scrum methodology for outsourced e-commerce projects},
  booktitle = {Proceedings - Asia-Pacific Software Engineering Conference, APSEC},
  year = {2010},
  pages = {310-315},
  address = {Sydney, NSW},
  abbrev_source_title = {Proc. Asia Pac. Softw. Eng. Conf. APSEC},
  affiliation = {Dept. of Software Engineering, Korea University, Seoul, South Korea;
	Div. of Computer Science and Engineering, Konkuk University, Seoul,
	South Korea; Dept. of Computer Science and Engineering, Korea University,
	Seoul, South Korea},
  art_number = {5693207},
  articletype = {Conference paper},
  author_keywords = {Agile; Scrum; Software engineering},
  correspondence_address1 = {Hong, N.; Dept. of Software Engineering, Korea University, Seoul,
	South Korea; email: h4022@nate.com},
  document_type = {Conference Paper},
  doi = {10.1109/APSEC.2010.43},
  isbn = {9780769542669},
  issn = {15301362},
  language = {English},
  owner = {ekupiain},
  source = {Scopus},
  stage2status = {Include},
  stage3status = {Include},
  timestamp = {2014.01.13},
  url = {http://www.scopus.com/inward/record.url?eid=2-s2.0-79951740828&partnerID=40&md5=0b1a7d7477277fb6bee94f99d1d2cdb3}
}

@CONFERENCE{Houston201388,
  author = {Houston, D.X. and Buettner, D.J.},
  title = {Modeling user story completion of an agile software process},
  booktitle = {ACM International Conference Proceeding Series},
  year = {2013},
  pages = {88-97},
  address = {San Francisco, CA},
  abbrev_source_title = {ACM Int. Conf. Proc. Ser.},
  affiliation = {Aerospace Corporation, P.O. Box 92957, Los Angeles, CA, United States},
  author_keywords = {Agile software process simulation; Simulating agile process; User
	story completion; User story productivity},
  correspondence_address1 = {Aerospace Corporation, P.O. Box 92957, Los Angeles, CA, United States},
  document_type = {Conference Paper},
  doi = {10.1145/2486046.2486063},
  isbn = {9781450320627},
  language = {English},
  owner = {ekupiain},
  source = {Scopus},
  sponsors = {International Software Process Association (ISPA)},
  stage2status = {Include},
  stage3status = {Include},
  timestamp = {2014.01.13},
  url = {http://www.scopus.com/inward/record.url?eid=2-s2.0-84878440468&partnerID=40&md5=7a394e1ade43c2e9899261abc519da74}
}

@CONFERENCE{Jakobsen2011168,
  author = {Jakobsen, C.R.a and Poppendieck, T.b},
  title = {Lean as a Scrum troubleshooter},
  booktitle = {Proceedings - 2011 Agile Conference, Agile 2011},
  year = {2011},
  pages = {168-174},
  address = {Salt Lake City, UT},
  abbrev_source_title = {Proc. - Agile Conf., Agile},
  affiliation = {Systematic, Ãƒâ€¦rhus, Denmark; Poppendieck LLC, Eden Prairie, MN,
	United States},
  art_number = {6005520},
  author_keywords = {A3; Continuous improvement; Lean; Scrum},
  correspondence_address1 = {Jakobsen, C.R.; Systematic, Ãƒâ€¦rhus, Denmark; email: crj@systematic.com},
  document_type = {Conference Paper},
  doi = {10.1109/AGILE.2011.11},
  isbn = {9780769543703},
  language = {English},
  owner = {ekupiain},
  source = {Scopus},
  stage2status = {Include},
  stage3status = {Include},
  timestamp = {2014.01.13},
  url = {http://www.scopus.com/inward/record.url?eid=2-s2.0-80053000049&partnerID=40&md5=8609e13042487b27fe9ba35d26210e83}
}

@INPROCEEDINGS{Janus20129, 
author={Janus, A. and Dumke, R. and Schmietendorf, A. and Jager, J.}, 
booktitle={Emerging Trends in Software Metrics (WETSoM), 2012 3rd International Workshop on}, 
title={The 3C approach for Agile Quality Assurance}, 
year={2012}, 
pages={9-13}, 
keywords={Internet;Java;automobile industry;continuous improvement;production engineering computing;public domain software;quality assurance;software maintenance;software metrics;software prototyping;software quality;software tools;3C approach;Agile Maintenance and Evolution project;Automotive Industry;German ICT company;Java ecosystem;Java-based Web application;T-Systems International;agile practice;agile quality assurance;code base;continuous improvement;continuous integration;continuous measurement;metric-based quality-gates;open source tools;software metrics;software quality measurement;source code;Context;Java;Programming;Quality assurance;Software measurement;Software quality;Agile;Continuous Integration;Empirical Case Study;Quality Assurance;Software Metrics}, 
doi={10.1109/WETSoM.2012.6226998},}

@CONFERENCE{Keaveney2006,
  author = {Keaveney, S. and Conboy, K.},
  title = {Cost estimation in agile development projects},
  booktitle = {Proceedings of the 14th European Conference on Information Systems,
	ECIS 2006},
  year = {2006},
  address = {Goteborg},
  abbrev_source_title = {Proc. Eur. Conf. Inf. Syst., ECIS},
  affiliation = {National University of Ireland, Galway, Ireland},
  author_keywords = {Agile methods; Cost estimation; Project management; Software development;
	Systems development},
  correspondence_address1 = {Keaveney, S.; National University of Ireland, Galway, Ireland},
  document_type = {Conference Paper},
  language = {English},
  owner = {ekupiain},
  page_count = {15},
  source = {Scopus},
  stage2status = {Include},
  stage3status = {Include},
  timestamp = {2014.01.13},
  url = {http://www.scopus.com/inward/record.url?eid=2-s2.0-84870639499&partnerID=40&md5=416504817d69e7e81e0762eabeaa4aa6}
}

@ARTICLE{Mahnic201273,
  title={Measuring Progress of Scrum-based Software Projects},
  author={Mahnic, V and Zabkar, N},
  journal={Electronics and Electrical Engineering},
  volume={18},
  number={8},
  pages={73--76},
  year={2012}
}

@ARTICLE{Middleton2007387,
  author = {Middleton, P.a and Taylor, P.S.a and Flaxel, A.b and Cookson, A.c
	},
  title = {Lean principles and techniques for improving the quality and productivity
	of software development projects: A case study},
  year = {2007},
  volume = {2},
  pages = {387-403},
  number = {4},
  abbrev_source_title = {Int. J. Prod. Qual. Manage.},
  affiliation = {School of Computer Science, Queen's University Belfast, Belfast BT7
	1NN, United Kingdom; Timberline Inc., 15195 NW Greenbrier Parkway,
	Beaverton, OR 97006, United States; 670 SE 31st Ct., Hillsboro, OR
	97123, United States},
  author_keywords = {Agile methods; Customer value; Lean manufacturing; Lean software development;
	Productivity improvement; Project management; Software process improvement},
  journal = {International Journal of Productivity and Quality Management},
  correspondence_address1 = {Middleton, P.; School of Computer Science, Queen's University Belfast,
	Belfast BT7 1NN, United Kingdom; email: p.middleton@qub.ac.uk},
  document_type = {Article},
  doi = {10.1504/IJPQM.2007.013334},
  issn = {17466474},
  language = {English},
  owner = {ekupiain},
  source = {Scopus},
  stage2status = {Include},
  stage3status = {Include},
  timestamp = {2013.12.11},
  url = {http://www.scopus.com/inward/record.url?eid=2-s2.0-34548211776&partnerID=40&md5=04cb80ea02cdcc4da0206b04b1575230}
}

@CONFERENCE{Mujtaba2010139,
  author = {Mujtaba, S.a b and Feldt, R.a and Petersen, K.a b },
  title = {Waste and lead time reduction in a software product customization
	process with value stream maps},
  booktitle = {Proceedings of the Australian Software Engineering Conference, ASWEC},
  year = {2010},
  pages = {139-148},
  address = {Auckland},
  abbrev_source_title = {Proc Aust Software Eng Conf ASWEC},
  affiliation = {School of Computing, Blekinge Institute of Technology, Box 520, SE-372
	25 Ronneby, Sweden; Business Unit Multimedia Products, Ericsson AB,
	Box 518, SE-371 23 Karlskrona, Sweden},
  art_number = {5475062},
  author_keywords = {Lean software development; Software development wastes; Software process
	improvement; Software product customization; Value stream analysis;
	Value stream mapping},
  correspondence_address1 = {Mujtaba, S.; School of Computing, Blekinge Institute of Technology,
	Box 520, SE-372 25 Ronneby, Sweden; email: smu@bth.se},
  document_type = {Conference Paper},
  doi = {10.1109/ASWEC.2010.37},
  isbn = {9780769540061},
  language = {English},
  owner = {ekupiain},
  source = {Scopus},
  stage2status = {Include},
  stage3status = {Include},
  timestamp = {2014.01.13},
  url = {http://www.scopus.com/inward/record.url?eid=2-s2.0-77954327651&partnerID=40&md5=648de188b59efb55bdce00c55d488a97}
}

@ARTICLE{Petersen2011975,
  author = {Petersen, K. and Wohlin, C.},
  title = {Measuring the flow in lean software development},
  year = {2011},
  volume = {41},
  pages = {975-996},
  number = {9},
  __markedentry = {[ekupiain:]},
  abbrev_source_title = {Software Pract Exper},
  affiliation = {Blekinge Institute of Technology, Box 520, SE-372 25 Ronneby, Sweden},
  author_keywords = {agile software development; development flow; goal-question-metric;
	lean software development},
  journal = {Software - Practice and Experience},
  coden = {SPEXB},
  correspondence_address1 = {Petersen, K.; Blekinge Institute of Technology, Ericsson AB, Ronneby,
	Sweden; email: kai.petersen@bth.se},
  document_type = {Article},
  doi = {10.1002/spe.975},
  issn = {00380644},
  language = {English},
  owner = {ekupiain},
  source = {Scopus},
  stage2status = {Include},
  stage3status = {Include},
  timestamp = {2014.01.13},
  url = {http://www.scopus.com/inward/record.url?eid=2-s2.0-79960120556&partnerID=40&md5=5c72f36ced0f7a47ff7939d365ad319b}
}

@ARTICLE{Petersen20101275,
  author = {Petersen, K.a b and Wohlin, C.a},
  title = {Software process improvement through the Lean Measurement (SPI-LEAM)
	method},
  journal = {Journal of Systems and Software},
  year = {2010},
  volume = {83},
  pages = {1275-1287},
  number = {7},
  note = {cited By (since 1996)6},
  abbrev_source_title = {J Syst Software},
  affiliation = {School of Computing, Blekinge Institute of Technology, Box 520, SE-372
	25 Ronneby, Blekinge, Sweden; Ericsson AB, Box 518, SE-371 23, Sweden},
  author_keywords = {Lean software development; Quality improvement paradigm; Software
	process improvement},
  coden = {JSSOD},
  correspondence_address1 = {Petersen, K.; School of Computing, Blekinge Institute of Technology,
	Box 520, SE-372 25 Ronneby, Blekinge, Sweden; email: kai.petersen@bth.se},
  document_type = {Article},
  doi = {10.1016/j.jss.2010.02.005},
  issn = {01641212},
  language = {English},
  source = {Scopus},
  stage2status = {Include},
  stage3status = {Include},
  url = {http://www.scopus.com/inward/record.url?eid=2-s2.0-77953325355&partnerID=40&md5=030b8b7e2cbfc35b4d1066ecafcea690}
}

@ARTICLE{Petersen2010654,
  author = {Petersen, K. and Wohlin, C.},
  title = {The effect of moving from a plan-driven to an incremental software
	development approach with agile practices: An industrial case study},
  year = {2010},
  volume = {15},
  pages = {654-693},
  number = {6},
  __markedentry = {[ekupiain:]},
  abbrev_source_title = {Empir Software Eng},
  affiliation = {Blekinge Institute of Technology, Ronneby 372 25, Sweden},
  author_keywords = {Agile; Case study; Incremental; Migration; Plan-driven},
  journal = {Empirical Software Engineering},
  coden = {ESENF},
  correspondence_address1 = {Petersen, K.; Blekinge Institute of Technology, Ronneby 372 25, Sweden;
	email: kai.petersen@bth.se},
  document_type = {Article},
  doi = {10.1007/s10664-010-9136-6},
  issn = {13823256},
  language = {English},
  owner = {ekupiain},
  source = {Scopus},
  stage2status = {Include},
  stage3status = {Include},
  timestamp = {2014.01.13},
  url = {http://www.scopus.com/inward/record.url?eid=2-s2.0-77956778252&partnerID=40&md5=fb9aac88b1f734fe33c4ef4c23cf4bdf}
}

@ARTICLE{Petersen2012108,
  author = {Petersen, K.a b },
  title = {A palette of lean indicators to detect waste in software maintenance:
	A case study},
  year = {2012},
  volume = {111 LNBIP},
  pages = {108-122},
  abbrev_source_title = {Lect. Notes Bus. Inf. Process.},
  address = {Malmo},
  affiliation = {Blekinge Institute of Technology, Karlskrona 37140, Sweden; Ericsson
	AB, Box 518, Karlskrona SE-371 23, Sweden},
  author_keywords = {Lean Measurement; Software Maintenance},
  journal = {Lecture Notes in Business Information Processing},
  correspondence_address1 = {Petersen, K.; Blekinge Institute of Technology, Karlskrona 37140,
	Sweden; email: kai.petersen@bth.se},
  document_type = {Conference Paper},
  doi = {10.1007/978-3-642-30350-0_8},
  isbn = {9783642303494},
  issn = {18651348},
  language = {English},
  owner = {ekupiain},
  source = {Scopus},
  stage2status = {Include},
  stage3status = {Include},
  timestamp = {2013.12.11},
  url = {http://www.scopus.com/inward/record.url?eid=2-s2.0-84862065346&partnerID=40&md5=320b45b44e49fefde74e744a46eac3cf}
}

@CONFERENCE{Polk2011263,
  author = {Polk, R.},
  title = {Agile \& Kanban in coordination},
  booktitle = {Proceedings - 2011 Agile Conference, Agile 2011},
  year = {2011},
  pages = {263-268},
  address = {Salt Lake City, UT},
  abbrev_source_title = {Proc. - Agile Conf., Agile},
  affiliation = {WMS Gaming Inc., United States},
  art_number = {6005514},
  author_keywords = {Agile and lean; Agile software development; Kanban; Lean software
	metrics; Scrum},
  correspondence_address1 = {Polk, R.; WMS Gaming Inc.United States; email: rpolk@wms.com},
  document_type = {Conference Paper},
  doi = {10.1109/AGILE.2011.10},
  isbn = {9780769543703},
  language = {English},
  owner = {ekupiain},
  source = {Scopus},
  stage2status = {Include},
  stage3status = {Include},
  timestamp = {2014.01.13},
  url = {http://www.scopus.com/inward/record.url?eid=2-s2.0-80053045690&partnerID=40&md5=caa9f30fff3c2c69c50d2dd1f79d58f7}
}

@INPROCEEDINGS{LNBIP01490121,
  author = {Paulo S\'{e}rgio Medeiros dos Santos and Amanda Varella and Cristine
	Ribeiro Dantas and Daniel Beltr\~{a}o Borges},
  title = {Visualizing and Managing Technical Debt in Agile Development: An
	Experience Report},
  booktitle = {Agile Processes in Software Engineering and Extreme Programming},
  year = {2013},
  editor = {Hubert Baumeister and Barbara Weber},
  volume = {149},
  series = {Lecture Notes in Business Information Processing},
  pages = {121--134},
  publisher = {Springer},
  isbn = {978-3-642-38313-7},
  location = {Heidelberg},
  owner = {ekupiain},
  stage2status = {Include},
  stage3status = {Include},
  timestamp = {2013.12.10}
}

@CONFERENCE{Seikola2011321,
  author = {Seikola, M. and Loisa, H.-M. and Jagos, A.},
  title = {Kanban implementation in a telecom product maintenance},
  booktitle = {Proceedings - 37th EUROMICRO Conference on Software Engineering and
	Advanced Applications, SEAA 2011},
  year = {2011},
  pages = {321-329},
  address = {Oulu},
  abbrev_source_title = {Proc. - EUROMICRO Conf. Softw. Eng. Adv. Appl., SEAA},
  affiliation = {Team Coach, United States},
  art_number = {6068363},
  author_keywords = {Agile; Customer Support; Design Maintenance; Kanban; Lean; Multi-site},
  correspondence_address1 = {Seikola, M.; Team CoachUnited States; email: marko.seikola@ericsson.com},
  document_type = {Conference Paper},
  doi = {10.1109/SEAA.2011.56},
  isbn = {9780769544885},
  language = {English},
  owner = {ekupiain},
  source = {Scopus},
  sponsors = {The Finnish Funding Agency for Technology and Innovation (Tekes);
	Cloud Softw. Program (www.cloudsoftwareprogram.org) Tivit Oy; Univ.
	Oulu Dep. Inf. Process. Sci.},
  stage2status = {Include},
  stage3status = {Include},
  timestamp = {2014.01.13},
  url = {http://www.scopus.com/inward/record.url?eid=2-s2.0-82955234100&partnerID=40&md5=b9c11760d8c68fdf34fa2ac9f474d46e}
}

@ARTICLE{Shen200725,
  author = {Shen, B.a and Ju, D.b },
  title = {On the measurement of agility in software process},
  year = {2007},
  volume = {4470 LNCS},
  pages = {25-36},
  abbrev_source_title = {Lect. Notes Comput. Sci.},
  address = {Minneapolis, MN},
  affiliation = {Dept. of Computer Science and Engineering, Shanghai Jiaotong University,
	Shanghai 200240, China; Application Solutions and Technologies Inc.,
	Shanghai 200230, China},
  author_keywords = {Agility; Measurement; Software process},
  journal = {Lecture Notes in Computer Science (including subseries Lecture Notes
	in Artificial Intelligence and Lecture Notes in Bioinformatics)},
  correspondence_address1 = {Shen, B.; Dept. of Computer Science and Engineering, Shanghai Jiaotong
	University, Shanghai 200240, China; email: bjshen@sjtu.edu.cn},
  document_type = {Conference Paper},
  isbn = {3540724257; 9783540724254},
  issn = {03029743},
  language = {English},
  owner = {ekupiain},
  source = {Scopus},
  stage2status = {Include},
  stage3status = {Include},
  timestamp = {2014.01.13},
  url = {http://www.scopus.com/inward/record.url?eid=2-s2.0-37149045354&partnerID=40&md5=d616f674f2951216572af2542788be1b}
}

@ARTICLE{Staron20113,
  author = {Staron, M.a and Meding, W.b},
  title = {Monitoring bottlenecks in agile and lean software development projects
	- A method and its industrial use},
  year = {2011},
  volume = {6759 LNCS},
  pages = {3-16},
  abbrev_source_title = {Lect. Notes Comput. Sci.},
  address = {Torre Canne},
  affiliation = {Department of Computer Science and Engineering, University of Gothenburg,
	Sweden; Ericsson SW Research, Ericsson AB, Sweden},
  journal = {Lecture Notes in Computer Science (including subseries Lecture Notes
	in Artificial Intelligence and Lecture Notes in Bioinformatics)},
  correspondence_address1 = {Staron, M.; Department of Computer Science and Engineering, University
	of GothenburgSweden; email: miroslaw.staron@ituniv.se},
  document_type = {Conference Paper},
  doi = {10.1007/978-3-642-21843-9_3},
  isbn = {9783642218422},
  issn = {03029743},
  language = {English},
  owner = {ekupiain},
  source = {Scopus},
  stage2status = {Include},
  stage3status = {Include},
  timestamp = {2014.01.13},
  url = {http://www.scopus.com/inward/record.url?eid=2-s2.0-79960204976&partnerID=40&md5=6daccbcdd4087a89bd08a329879ed0d2}
}

@ARTICLE{Staron20101069,
  title={A method for forecasting defect backlog in large streamline software development projects and its industrial evaluation},
  author={Staron, Miroslaw and Meding, Wilhelm and S{\"o}derqvist, Bo},
  journal={Information and Software Technology},
  volume={52},
  number={10},
  pages={1069--1079},
  year={2010},
  publisher={Elsevier}
}

@CONFERENCE{Talby200940,
  author = {Talby, D.a and Dubinsky, Y.b},
  title = {Governance of an agile software project},
  booktitle = {Proceedings of the 2009 ICSE Workshop on Software Development Governance,
	SDG 2009},
  year = {2009},
  pages = {40-45},
  address = {Vancouver, BC},
  abbrev_source_title = {Proc. ICSE Workshop Softw. Dev. Governance, SDG},
  affiliation = {Hebrew University of Jerusalem, Israel; IBM, Haifa Research Lab.,
	Israel},
  art_number = {5071336},
  correspondence_address1 = {Talby, D.; Hebrew University of JerusalemIsrael; email: davidt@cs.huji.ac.il},
  document_type = {Conference Paper},
  doi = {10.1109/SDG.2009.5071336},
  isbn = {9781424437368},
  language = {English},
  owner = {ekupiain},
  source = {Scopus},
  sponsors = {Association for Computing Machinery, ACM; IEEE; IEEE Computer Society;
	SIGSOFT},
  stage2status = {Include},
  stage3status = {Include},
  timestamp = {2014.01.13},
  url = {http://www.scopus.com/inward/record.url?eid=2-s2.0-70349841395&partnerID=40&md5=469cbf1ce62e6c3aaa31a382265aa19c}
}

@CONFERENCE{Talby2006100,
  author = {Talby, D.a and Hazzan, O.b and Dubinsky, Y.c and Keren, A.a},
  title = {Reflections on reflection in agile software development},
  booktitle = {Proceedings - AGILE Conference, 2006},
  year = {2006},
  volume = {2006},
  pages = {100-110},
  address = {Minneapolis, MN},
  abbrev_source_title = {Proc. AGILE Conf.},
  affiliation = {MAMDAS - Software Development Unit, Air Force, IDF, Israel; Department
	of Education in Technology and Science, Technion - Israel Institute
	of Technology, Israel; Department of Computer Science, Technion -
	Israel Institute of Technology, Israel},
  art_number = {1667568},
  correspondence_address1 = {Talby, D.; MAMDAS - Software Development Unit, Air Force, IDFIsrael;
	email: davidt@cs.huji.ac.il},
  document_type = {Conference Paper},
  doi = {10.1109/AGILE.2006.45},
  isbn = {0769525628; 9780769525624},
  language = {English},
  owner = {ekupiain},
  source = {Scopus},
  stage2status = {Include},
  stage3status = {Include},
  timestamp = {2014.01.13},
  url = {http://www.scopus.com/inward/record.url?eid=2-s2.0-34247592564&partnerID=40&md5=514eadde32a8bc756fae2e2cd80bb620}
}

@CONFERENCE{Trapa2006243,
  author = {Trapa, V. and Rao, S.},
  title = {T3 - Tool for monitoring Agile development},
  booktitle = {Proceedings - AGILE Conference, 2006},
  year = {2006},
  volume = {2006},
  pages = {243-248},
  address = {Minneapolis, MN},
  abbrev_source_title = {Proc. AGILE Conf.},
  affiliation = {Avaya Communications, Inc., Strategy Technology and Development},
  art_number = {1667585},
  correspondence_address1 = {Trapa, V.; Avaya Communications, Inc., Strategy Technology and Developmentemail:
	vtrapa@avaya.com},
  document_type = {Conference Paper},
  doi = {10.1109/AGILE.2006.49},
  isbn = {0769525628; 9780769525624},
  language = {English},
  owner = {ekupiain},
  source = {Scopus},
  stage2status = {Include},
  stage3status = {Include},
  timestamp = {2014.01.13},
  url = {http://www.scopus.com/inward/record.url?eid=2-s2.0-34247575379&partnerID=40&md5=93bea222ecba10182786964cf2789418}
}

@CONFERENCE{Trimble20134826,
  author = {Trimble, J.a and Webster, C.b },
  title = {From traditional, to lean, to agile development: Finding the optimal
	software engineering cycle},
  booktitle = {Proceedings of the Annual Hawaii International Conference on System
	Sciences},
  year = {2013},
  pages = {4826-4833},
  address = {Wailea, Maui, HI},
  abbrev_source_title = {Proc. Annu. Hawaii Int. Conf. Syst. Sci.},
  affiliation = {NASA Ames Research Center, United States; Intel Corporation, United
	States},
  art_number = {6480425},
  correspondence_address1 = {Trimble, J.; NASA Ames Research CenterUnited States; email: jay.p.trimble@nasa.gov},
  document_type = {Conference Paper},
  doi = {10.1109/HICSS.2013.237},
  isbn = {9780769548920},
  issn = {15301605},
  language = {English},
  owner = {ekupiain},
  source = {Scopus},
  sponsors = {University of Hawai'i at Manoa, Shidler College of Business},
  stage2status = {Include},
  stage3status = {Include},
  timestamp = {2013.11.18},
  url = {http://www.scopus.com/inward/record.url?eid=2-s2.0-84875535793&partnerID=40&md5=0f736f97528ec434aa2c938b455ab13d}
}

@CONFERENCE{Tudor2006367,
  author = {Tudor, D.a and Walter, G.A.b },
  title = {Using an agile approach in a large, traditional organization},
  booktitle = {Proceedings - AGILE Conference, 2006},
  year = {2006},
  volume = {2006},
  pages = {367-373},
  address = {Minneapolis, MN},
  abbrev_source_title = {Proc. AGILE Conf.},
  affiliation = {TCC, Sandbach, Cheshire, United Kingdom; OCLC Online Computer Library
	Center, Inc., Dublin, OH, United States},
  art_number = {1667600},
  correspondence_address1 = {Tudor, D.; TCC, Sandbach, Cheshire, United Kingdom; email: dottudor@tcc-nct.com},
  document_type = {Conference Paper},
  doi = {10.1109/AGILE.2006.60},
  isbn = {0769525628; 9780769525624},
  language = {English},
  owner = {ekupiain},
  source = {Scopus},
  stage2status = {Include},
  stage3status = {Include},
  timestamp = {2014.01.13},
  url = {http://www.scopus.com/inward/record.url?eid=2-s2.0-34247584196&partnerID=40&md5=4d6472181509fa76ce09f76a5e443480}
}

@CONFERENCE{VanSchooenderwoert2006351,
  author = {Van Schooenderwoert, N.},
  title = {Embedded agile project by the numbers with newbies},
  booktitle = {Proceedings - AGILE Conference, 2006},
  year = {2006},
  volume = {2006},
  pages = {351-363},
  address = {Minneapolis, MN},
  abbrev_source_title = {Proc. AGILE Conf.},
  affiliation = {Agile Rules, United States},
  art_number = {1667599},
  correspondence_address1 = {Van Schooenderwoert, N.; Agile RulesUnited States; email: nancyv@agilerules.com},
  document_type = {Conference Paper},
  doi = {10.1109/AGILE.2006.24},
  isbn = {0769525628; 9780769525624},
  language = {English},
  owner = {ekupiain},
  source = {Scopus},
  stage2status = {Include},
  stage3status = {Include},
  timestamp = {2014.01.13},
  url = {http://www.scopus.com/inward/record.url?eid=2-s2.0-34247627032&partnerID=40&md5=788a1eb9f9b8f93cb574f0858ccdc42f}
}

