@incollection{S1,
year={2009},
isbn={978-3-642-01852-7},
booktitle={Agile Processes in Software Engineering and Extreme Programming},
volume={31},
series={Lecture Notes in Business Information Processing},
editor={a, Pekka and Marchesi, Michele and Maurer, Frank},
doi={10.1007/978-3-642-01853-4_10},
title={Migrating Defect Management from Waterfall to Agile Software Development in a Large-Scale Multi-site Organization: A Case Study},
publisher={Springer Berlin Heidelberg},
keywords={defect management; agile adoption; distributed development},
author={Korhonen, irsi},
pages={73-82}
}

@INPROCEEDINGS{S2, 
author={Hartmann, D. and Dymond, R.}, 
booktitle={Agile Conference, 2006}, 
title={Appropriate agile measurement: using metrics and diagnostics to deliver business value}, 
year={2006}, 
pages={6 pp.-134}, 
keywords={software development management;software metrics;team working;agile measurement;agile metrics;agile software development;agile teamwork;business value;Aggregates;Monitoring;Navigation;Programming;Shape measurement;Software development management;Software measurement;Teamwork;Testing}, 
doi={10.1109/AGILE.2006.17},
}