

@article{schwaber2011scrum,
  title={The scrum guide},
  author={Schwaber, Ken and Sutherland, Jeff},
  journal={Scrum. org, July},
  year={2013}
}

@book{fenton1998software,
  title={Software metrics: a rigorous and practical approach},
  author={Fenton, Norman E and Pfleeger, Shari Lawrence},
  year={1998},
  publisher={PWS Publishing Co.}
}

@techreport{10951538,
    author = {ISO/IEC},
    citeulike-article-id = {10951538},
    posted-at = {2012-07-27 13:14:40},
    priority = {2},
    publisher = {ISO/IEC},
    title = {ISO/IEC 25010 - Systems and software engineering - Systems and software Quality Requirements and Evaluation (SQuaRE) - System and software quality models},
    year = {2010}
}


@INPROCEEDINGS{1667571, 
author={Hartmann, D. and Dymond, R.}, 
booktitle={Agile Conference, 2006}, 
title={Appropriate agile measurement: using metrics and diagnostics to deliver business value}, 
year={2006}, 
month={July}, 
pages={6 pp.-134}, 
keywords={software development management;software metrics;team working;agile measurement;agile metrics;agile software development;agile teamwork;business value;Aggregates;Monitoring;Navigation;Programming;Shape measurement;Software development management;Software measurement;Teamwork;Testing}, 
oi={10.1109/AGILE.2006.17},
}


@incollection{Korhonen2009,
year={2009},
sbn={978-3-642-01852-7},
booktitle={Agile Processes in Software Engineering and Extreme Programming},
volume={31},
series={Lecture Notes in Business Information Processing},
ditor={Abrahamsson, Pekka and Marchesi, Michele and Maurer, Frank},
oi={10.1007/978-3-642-01853-4_10},
title={Migrating Defect Management from Waterfall to Agile Software Development in a Large-Scale Multi-site Organization: A Case Study},
rl={http://dx.doi.org/10.1007/978-3-642-01853-4_10},
publisher={Springer Berlin Heidelberg},
keywords={defect management; agile adoption; distributed development},
author={Korhonen, Kirsi},
pages={73-82}
}


@INPROCEEDINGS{1579312, 
author={Patel, C. and Lycett, M. and Macredie, R. and de Cesare, S.}, 
booktitle={System Sciences, 2006. HICSS '06. Proceedings of the 39th Annual Hawaii International Conference on}, 
title={Perceptions of Agility and Collaboration in Software Development Practice}, 
year={2006}, 
volume={1}, 
pages={10c-10c}, 
keywords={Collaborative software;Collaborative tools;Collaborative work;Contracts;Documentation;Engineering management;Programming;Software development management;Software engineering;Software tools}, 
oi={10.1109/HICSS.2006.378}, 
ssn={1530-1605},
}

@book{anderson2010kanban,
  title={Kanban},
  author={Anderson, D.J.},
  sbn={9780984521401},
  rl={http://books.google.fi/books?id=RJ0VUkfUWZkC},
  year={2010},
  publisher={Blue Hole Press}
}

@book{beck2004extreme,
  title={Extreme programming explained: embrace change},
  author={Beck, Kent and Andres, Cynthia},
  year={2004},
  publisher={Addison-Wesley Professional}
},

@book{schwaber2002agile,
  title={Agile software development with Scrum},
  author={Schwaber, Ken and Beedle, Mike},
  volume={1},
  year={2002},
  publisher={Prentice Hall Upper Saddle River }
},

@misc{beck2001agile,
  added-at = {2007-12-30T11:39:05.000+0100},
  author = {Beck, Kent and Beedle, Mike and van Bennekum, Arie and Cockburn, Alistair and Cunningham, Ward and Fowler, Martin and Grenning, James and Highsmith, Jim and Hunt, Andrew and Jeffries, Ron and Kern, Jon and Marick, Brian and Martin, Robert C. and Mellor, Steve and Schwaber, Ken and Sutherland, Jeff and Thomas, Dave},
  biburl = {http://www.bibsonomy.org/bibtex/28954248a545d88dd2c0e688d1c7e2f9d/juve},
  booktitle = {Manifesto for Agile Software Development},
  description = {Manifesto for Agile Software Development},
  interhash = {098cc7e185f10c3da390459a01e0d535},
  intrahash = {8954248a545d88dd2c0e688d1c7e2f9d},
  keywords = {imported},
  timestamp = {2007-12-30T11:39:05.000+0100},
  title = {Manifesto for Agile Software Development},
  rl = {http://www.agilemanifesto.org/},
  year = {2007},
  },

@article{purao2003product,
  title={Product metrics for object-oriented systems},
  author={Purao, Sandeep and Vaishnavi, Vijay},
  journal={ACM Computing Surveys (CSUR)},
  volume={35},
  number={2},
  pages={191--221},
  year={2003},
  publisher={ACM}
},

@article{catal2009systematic,
  title={A systematic review of software fault prediction studies},
  author={Catal, Cagatay and Diri, Banu},
  journal={Expert Systems with Applications},
  volume={36},
  number={4},
  pages={7346--7354},
  year={2009},
  publisher={Elsevier}
},

@book{fenton1998software,
  title={Software metrics: a rigorous and practical approach},
  author={Fenton, Norman E and Pfleeger, Shari Lawrence},
  year={1998},
  publisher={PWS Publishing Co.}
},

@article{kitchenham_whats_2010,
	title = {What's up with software metrics? - A preliminary mapping study},
	volume = {83},
	ssn = {0164-1212},
	shorttitle = {What’s up with software metrics?},
	rl = {http://www.sciencedirect.com/science/article/pii/S0164121209001599},
	oi = {10.1016/j.jss.2009.06.041},
	number = {1},
	urldate = {2013-09-27},
	journal = {Journal of Systems and Software},
	author = {Kitchenham, Barbara},
	month = jan,
	year = {2010},
	keywords = {Empirical evaluation problems, Influential papers, Literature survey, Mapping study, Secondary study, software metrics},
	pages = {37--51},
},

@article{kitchenham2013systematic,
  title={A systematic review of systematic review process research in software engineering},
  author={Kitchenham, Barbara and Brereton, Pearl},
  journal={Information and Software Technology},
  volume={55},
  number={12},
  pages={2049--2075},
  year={2013},
  publisher={Elsevier}
},

@article{brereton2007lessons,
  title={Lessons from applying the systematic literature review process within the software engineering domain},
  author={Brereton, Pearl and Kitchenham, Barbara A and Budgen, David and Turner, Mark and Khalil, Mohamed},
  journal={Journal of systems and software},
  volume={80},
  number={4},
  pages={571--583},
  year={2007},
  publisher={Elsevier}
},

@article{webster2002analyzing,
  title={ANALYZING THE PAST TO PREPARE FOR THE FUTURE: WRITING A LITERATURE REVIEW},
  author={Webster, Jane and Watson, Richard T},
  journal={Management Information Systems Quarterly},
  volume={26},
  number={2},
  pages={3},
  year={2002}
},

@article{kitchenham2004procedures,
  title={Procedures for performing systematic reviews},
  author={Kitchenham, Barbara},
  journal={Keele, UK, Keele University},
  volume={33},
  pages={2004},
  year={2004}
},

@article{dyba_empirical_2008,
title = {Empirical studies of agile software development: A systematic review},
journal ={Information and Software Technology},
volume = {50},
number = {9},
pages = {833 - 859},
year = {2008},
note = {},
ssn = {0950-5849},
oi = {http://dx.doi.org/10.1016/j.infsof.2008.01.006},
rl = {http://www.sciencedirect.com/science/article/pii/S0950584908000256},
author = {Tore Dybå and Torgeir Dingsøyr},
},

@INPROCEEDINGS{6092576, 
author={Cruzes, D.S. and Dyba, Tore}, 
booktitle={Empirical Software Engineering and Measurement (ESEM), 2011 International Symposium on}, 
title={Recommended Steps for Thematic Synthesis in Software Engineering}, 
year={2011}, 
pages={275-284}, 
keywords={research and development;software engineering;qualitative research;software engineering;systematic reviews;thematic synthesis;Context;Data mining;Encoding;Organizations;Software;Software engineering;Systematics;evidence-based and empirical software engineering;research synthesis;secondary research;systematic review}, 
oi={10.1109/ESEM.2011.36}, 
ssn={1938-6451},},

@book{seber2002estimation,
  title={The Estimation of Animal Abundance and Related Parameters},
  author={Seber, G.A.F.},
  sbn={9781930665552},
  lccn={2002104612},
  rl={http://books.google.fi/books?id=bnGaPQAACAAJ},
  year={2002},
  publisher={Blackburn Press}
},


@article{landis_measurement_1977,
	title = {The measurement of observer agreement for categorical data},
	volume = {33},
	ssn = {{0006341X} ({ISSN)}},
	rl = {http://www.scopus.com/inward/record.url?eid=2-s2.0-0017360990&partnerID=40&md5=69af451a23d810ce6ac71606ad0cbfc9},
	number = {1},
	journal = {Biometrics},
	author = {Landis, {J.R.} and Koch, {G.G.}},
	year = {1977},
	keywords = {Human, Multiple Sclerosis, multivariate analysis, observer, statistics, Support, {U.S.} Gov't, Non-{P.H.S.}, Support, {U.S.} Gov't, {P.H.S.}},
	pages = {159--174},
	file = {p1047.pdf:C:\Users\ekupiain\Desktop\Dropbox\UQasar\Agile Metric SLR\Eetu\Articles\storage\DZ4MTSC2\p1047.pdf:application/pdf}
},