
@techreport{IDReqNom03,
  author =	 {Y. Nomura and R. Walsh and J. Ott and
                  H. Schulzrinne},
  title =	 {Protocol Requirements for Internet Media Guides},
  institution =	 {{IETF}},
  year =	 {2003},
  type =	 {Internet Draft},
  month =	 {Dec},
  note =	 {Work in progress. Expires June, 2004},
  description =	 {Now (Oct 2003) it seems as if the Electronic Service
                  Guide ESG used in IP Datacasting will be based on
                  IMG},
  url =           {http://www.ietf.org/internet-drafts/draft-ietf-mmusic-img-req-02.txt}
}