@misc{S1,
  author =	 {H. Schulzrinne and S. Casner and R. Frederic and
                  V. Jacobson},
  title =	 {{RFC} 3550: {RTP}: A Transport Protocol for Real-Time
                  Applications},
  insitution =	 {{IETF}},
  year =	 2003,
  month =	 {Jul},
  note =	 {Status: DRAFT STANDARD}
}


